@ARTICLE{example,
  author = {Andreas Junghanns and Jonathan Schaeffer},
  title = {Sokoban: Enhancing general single-agent search methods using domain      knowledge},
  journal = {Artificial Intelligence},
  year = {2001},
  volume = {129},
  pages = {219-251}
}

@misc{msdn,
author = {Microsoft},
  title = {About Processes and Threads},
  howpublished = {\url{https://msdn.microsoft.com/en-us/library/windows/desktop/ms681917(v=vs.85).aspx}},
  note = {Accessed: 2018-4-10}
}
 
@book{windows_internals_1, place = {Redmond, WA}, title= {Windows internals}, publisher={Microsoft Press}, author = {Russinovich, Mark E. and Solomon, David A. and Ionescu, Alex}, year = {2012},
}

@book{windows_internals_2, place={Redmond, WA}, title= {Windows internals}, publisher={Microsoft Press}, author={Russinovich, Mark E. and Solomon, David A. and Ionescu, Alex}, year={2012}}

@book{freebsd-book, 
place={Upper Saddle River, NJ}, 
title={The design and implementation of the FreeBSD operating system}, publisher={Addison Wesley}, 
author={McKusick, Marshall Kirk and Neville-Neil, George V. and Watson, Robert N. M. and McKusick, Marshall Kirk.}, 
year={2015}
}

@online{tldp,
  author = {David A Rusling},
  title = {Chapter 4 Processes},
  year = 1999,
  url = {https://www.tldp.org/LDP/tlk/kernel/processes.html},
  urldate = {2018-4-10}
}

@online{jamescoyle,
  author = {Jame Coyle},
  title = {{The Difference Between a tmpfs and ramfs RAM Disk}},
  year = 2017,
  url = {https://www.jamescoyle.net/knowledge/951-the-difference-between-a-tmpfs-and-ramfs-ram-disk},
  urldate = {2018-5-23}
}

